@techreport{de2008generalized,
  title={Generalized linear models for insurance data},
  author={De Jong, Piet and Heller, Gillian Z},
  year={2008},
  institution={Cambridge University Press}
}

@article{nelder1972generalized,
  title={Generalized linear models},
  author={Nelder, John Ashworth and Wedderburn, Robert WM},
  journal={Journal of the Royal Statistical Society: Series A (General)},
  volume={135},
  number={3},
  pages={370--384},
  year={1972},
  publisher={Wiley Online Library}
}

@book{dobson2008introduction,
  title={An introduction to generalized linear models},
  author={Dobson, Annette J and Barnett, Adrian},
  year={2008},
  publisher={Chapman and Hall/CRC}
}

@book{embrechts2013modelling,
  title={Modelling extremal events: for insurance and finance},
  author={Embrechts, Paul and Kl{\"u}ppelberg, Claudia and Mikosch, Thomas},
  volume={33},
  year={2013},
  publisher={Springer Science \& Business Media}
}

@article{aue2006lda,
  title={LDA at work: Deutsche Bankâ€™s approach to quantifying operational risk},
  author={Aue, Falko and Kalkbrener, Michael},
  journal={Journal of Operational Risk},
  volume={1},
  number={4},
  pages={49--93},
  year={2006}
}

@article{chavez2006quantitative,
  title={Quantitative models for operational risk: extremes, dependence and aggregation},
  author={Chavez-Demoulin, Val{\'e}rie and Embrechts, Paul and Ne{\v{s}}lehov{\'a}, Johanna},
  journal={Journal of Banking \& Finance},
  volume={30},
  number={10},
  pages={2635--2658},
  year={2006},
  publisher={Elsevier}
}

@article{embrechts2002correlation,
  title={Correlation and dependence in risk management: properties and pitfalls},
  author={Embrechts, Paul and McNeil, Alexander and Straumann, Daniel},
  journal={Risk management: value at risk and beyond},
  volume={1},
  pages={176--223},
  year={2002},
  publisher={New York}
}

@article{urbina2014application,
  title={An application of capital allocation principles to operational risk and the cost of fraud},
  author={Urbina, Jilber and Guill{\'e}n, Montserrat},
  journal={Expert Systems with Applications},
  volume={41},
  number={16},
  pages={7023--7031},
  year={2014},
  publisher={Elsevier}
}

@book{fraleigh2003first,
  title={A first course in abstract algebra},
  author={Fraleigh, John B},
  year={2003},
  publisher={Pearson Education India}
}

@book{stasinopoulos2017flexible,
  title={Flexible regression and smoothing: using GAMLSS in R},
  author={Stasinopoulos, Mikis D and Rigby, Robert A and Heller, Gillian Z and Voudouris, Vlasios and De Bastiani, Fernanda},
  year={2017},
  publisher={Chapman and Hall/CRC}
}

@book{cameron2013regression,
  title={Regression analysis of count data},
  author={Cameron, A Colin and Trivedi, Pravin K},
  volume={53},
  year={2013},
  publisher={Cambridge university press}
}

@book{denuit2007actuarial,
  title={Actuarial modelling of claim counts: Risk classification, credibility and bonus-malus systems},
  author={Denuit, Michel and Mar{\'e}chal, Xavier and Pitrebois, Sandra and Walhin, Jean-Fran{\c{c}}ois},
  year={2007},
  publisher={John Wiley \& Sons}
}

@article{frees2010household,
  title={Household life insurance demand: A multivariate two-part model},
  author={Frees, Edward W and Sun, Yunjie},
  journal={North American Actuarial Journal},
  volume={14},
  number={3},
  pages={338--354},
  year={2010},
  publisher={Taylor \& Francis}
}

@article{de2008generalized,
  title={Generalized linear models for insurance data},
  author={De Jong, Piet and Heller, Gillian Z and others},
  journal={Cambridge Books},
  year={2008},
  publisher={Cambridge University Press}
}

@article{covrig2015using,
  title={Using R In Generalized Linear Models},
  author={Covrig, Mihaela and Mircea, Iulian and Zbaganu, Gheorghita and Coser, Alexandru and Tindeche, Alexandru and others},
  journal={Romanian Statistical Review},
  volume={63},
  number={3},
  pages={33--45},
  year={2015},
  publisher={Romanian Statistical Review}
}

@book{wood2017generalized,
  title={Generalized additive models: an introduction with R},
  author={Wood, Simon N},
  year={2017},
  publisher={Chapman and Hall/CRC}
}


@mastersthesis{chau2014robust,
  title={Robust estimation in operational risk modeling},
  author={Chau, VV},
  year={2014}
}

@article{galloppo2014review,
  title={A review of methods for combining internal and external data},
  author={Galloppo, Giuseppe and Previati, Daniele},
  year={2014}
}

@article{de2015combining,
  title={Combining scenario and historical data in the loss distribution approach: a new procedure that incorporates measures of agreement between scenarios and historical data},
  author={de Jongh, Riaan and De Wet, T and Raubenheimer, Helgard and Venter, Johannes Hendrik},
  year={2015}
}

@article{badescu2015modeling,
  title={Modeling correlated frequencies with application in operational risk management},
  author={Badescu, Andrei L and Lan, Gong and Lin, X Sheldon and Tang, Dameng},
  year={2015}
}

@article{opdyke2014estimating,
  title={Estimating operational risk capital with greater accuracy, precision, and robustness},
  author={Opdyke, John Douglas},
  journal={arXiv preprint arXiv:1406.0389},
  year={2014}
}

@article{king2001operational,
  title={Operational Risk: Measurement and Modelling (The Wiley Finance Series)},
  author={King, Jack L},
  year={2001}
}

@article{hemrit2012major,
  title={The major sources of operational risk and the potential benefits of its management},
  author={Hemrit, Wael and Arab, Mounira Ben},
  journal={The Journal of Operational Risk},
  volume={7},
  number={3},
  pages={71--92},
  year={2012},
  publisher={Incisive Media Limited}
}

@book{parodi2014pricing,
  title={Pricing in general insurance},
  author={Parodi, Pietro},
  year={2014},
  publisher={CRC Press}
}

@article{agostini2010combining,
  title={Combining operational loss data with expert opinions through advanced credibility theory},
  author={Agostini, Alessandra and Talamo, Paolo and Vecchione, Vittorio},
  journal={The Journal of Operational Risk},
  volume={5},
  number={1},
  pages={3},
  year={2010},
  publisher={Incisive Media Limited}
}

@article{list2004neoclassical,
  title={Neoclassical theory versus prospect theory: Evidence from the marketplace},
  author={List, John A},
  journal={Econometrica},
  volume={72},
  number={2},
  pages={615--625},
  year={2004},
  publisher={Wiley Online Library}
}

@article{tom2007neural,
  title={The neural basis of loss aversion in decision-making under risk},
  author={Tom, Sabrina M and Fox, Craig R and Trepel, Christopher and Poldrack, Russell A},
  journal={Science},
  volume={315},
  number={5811},
  pages={515--518},
  year={2007},
  publisher={American Association for the Advancement of Science}
}

@article{paulus2003increased,
  title={Increased activation in the right insula during risk-taking decision making is related to harm avoidance and neuroticism},
  author={Paulus, Martin P and Rogalsky, Corianne and Simmons, Alan and Feinstein, Justin S and Stein, Murray B},
  journal={Neuroimage},
  volume={19},
  number={4},
  pages={1439--1448},
  year={2003},
  publisher={Elsevier}
}

@article{kuhnen2005neural,
  title={The neural basis of financial risk taking},
  author={Kuhnen, Camelia M and Knutson, Brian},
  journal={Neuron},
  volume={47},
  number={5},
  pages={763--770},
  year={2005},
  publisher={Elsevier}
}

@article{altman2008behavioral,
  title={Behavioral economics, economic theory and public policy},
  author={Altman, Morris},
  year={2008}
}

@article{hemrit2012major,
  title={The major sources of operational risk and the potential benefits of its management},
  author={Hemrit, Wael and Arab, Mounira Ben},
  journal={The Journal of Operational Risk},
  volume={7},
  number={3},
  pages={71--92},
  year={2012},
  publisher={Incisive Media Limited}
}

@article{kahneman2003perspective,
  title={A perspective on judgment and choice: mapping bounded rationality.},
  author={Kahneman, Daniel},
  journal={American psychologist},
  volume={58},
  number={9},
  pages={697},
  year={2003},
  publisher={American Psychological Association}
}

@article{gigerenzer2009homo,
  title={Homo heuristicus: Why biased minds make better inferences},
  author={Gigerenzer, Gerd and Brighton, Henry},
  journal={Topics in cognitive science},
  volume={1},
  number={1},
  pages={107--143},
  year={2009},
  publisher={Wiley Online Library}
}

@article{peters2016should,
  title={Should the advanced measurement approach be replaced with the standardized measurement approach for operational risk?},
  author={Peters, Gareth and Shevchenko, Pavel V and Hassani, Bertrand and Chapelle, Ariane},
  year={2016}
}

@book{cruz2002modeling,
  title={Modeling, measuring and hedging operational risk},
  author={Cruz, Marcelo G},
  year={2002},
  publisher={John Wiley \& Sons New York,}
}

@article{mignola2016comments,
  title={Comments on the Basel Committee on Banking Supervision proposal for a new standardized approach for operational risk},
  author={Mignola, Giulio and Ugoccioni, Roberto and Cope, Eric},
  year={2016}
}

@article{basel2010basel,
  title={Basel III: A global regulatory framework for more resilient banks and banking systems},
  author={Basel Committee and others},
  journal={Basel Committee on Banking Supervision, Basel},
  year={2010}
}

@techreport{mysis2013,
author = {Dorval, Michel},
file = {},
pages = {1--12},
title = {{Achieving Basel III compliance: how to tackle it and business issues}},
url = {http://www.risktech-forum.com/research/achieving-basel-iii-compliance-how-to-tackle-it-and-business-issues},
year = {2013}
}

@article{risk2016supporting,
  title={Standardised measurement approach for operational risk},
  author={Risk, BCBS Operational},
  journal={Consultative Document, June},
  volume={},
  year={2016}
}

@book{cruz2002modeling,
  title={Modeling, measuring and hedging operational risk},
  author={Cruz, Marcelo G},
  year={2002},
  publisher={John Wiley \& Sons New York,}
}

@phdthesis{hoohlo2015new,
  title={A new internal data measure for operational risk: a case study of a South African bank},
  author={Hoohlo, Mphekeleli},
  year={2015}
}

@article{risk2001supporting,
  title={Supporting Document to the New Basel Capital Accord},
  author={Risk, BCBS Operational},
  journal={Consultative Document, January},
  volume={200},
  year={2001}
}

@book{shefrin2016behavioral,
  title={Behavioral Risk Management: Managing the Psychology that Drives Decisions and Influences Operational Risk},
  author={Shefrin, Hersh},
  year={2016},
  publisher={Springer}
}

@article{barberis2003survey,
  title={A survey of behavioral finance},
  author={Barberis, Nicholas and Thaler, Richard},
  journal={Handbook of the Economics of Finance},
  volume={1},
  pages={1053--1128},
  year={2003},
  publisher={Elsevier}
}

@article{cyert1963behavioral,
  title={A behavioral theory of the firm},
  author={Cyert, Richard M and March, James G and others},
  journal={Englewood Cliffs, NJ},
  volume={2},
  pages={169--187},
  year={1963}
}

@article{friedman1948utility,
  title={The utility analysis of choices involving risk},
  author={Friedman, Milton and Savage, Leonard J},
  journal={Journal of political Economy},
  volume={56},
  number={4},
  pages={279--304},
  year={1948},
  publisher={The University of Chicago Press}
}

@book{morgenstern1953theory,
  title={Theory of games and economic behavior},
  author={Morgenstern, Oskar and Von Neumann, John},
  year={1953},
  publisher={Princeton university press}
}

@incollection{kahneman2013prospect,
  title={Prospect theory: An analysis of decision under risk},
  author={Kahneman, Daniel and Tversky, Amos},
  booktitle={Handbook of the fundamentals of financial decision making: Part I},
  pages={99--127},
  year={2013},
  publisher={World Scientific}
}

@inproceedings{acharyya2012current,
  title={Why the Current Practice of Operational Risk Management in Insurance is Fundamentally Flawed: Evidence From the Field},
  author={Acharyya, Madhu},
  booktitle={ERM Symposium, April},
  pages={18--20},
  year={2012}
}

@article{wiseman1997longitudinal,
  title={A longitudinal disaggregation of operational risk under changing regulations: Evidence from the savings and loan industry},
  author={Wiseman, Robert M and Catanach Jr, Catanach},
  journal={Academy of Management Journal},
  volume={40},
  number={4},
  pages={799--830},
  year={1997},
  publisher={Academy of Management Briarcliff Manor, NY 10510}
}

@article{frachot2001loss,
  title={Loss distribution approach for operational risk},
  author={Frachot, Antoine and Georges, Pierre and Roncalli, Thierry},
  year={2001}
}

@article{aue2006lda,
  title={LDA at work: Deutsche Bankâ€™s approach to quantifying operational risk},
  author={Aue, Falko and Kalkbrener, Michael},
  journal={Journal of Operational Risk},
  volume={1},
  number={4},
  pages={49--93},
  year={2006}
}

@book{panjer2006operational,
  title={Operational risk: modeling analytics},
  author={Panjer, Harry H},
  volume={620},
  year={2006},
  publisher={John Wiley \& Sons}
}

@article{gisiger2010risk,
  title={Risk-neutral probabilities explained},
  author={Gisiger, Nicolas},
  year={2010}
}

@article{einemann2018operational,
  title={Operational risk measurement beyond the loss distribution approach: an exposure-based methodology},
  author={Einemann, Michael and Fritscher, Joerg and Kalkbrener, Michael},
  year={2018}
}

@incollection{coates2012learning,
  title={Learning feature representations with k-means},
  author={Coates, Adam and Ng, Andrew Y},
  booktitle={Neural networks: Tricks of the trade},
  pages={561--580},
  year={2012},
  publisher={Springer}
}

@article{agostini2010combining,
  title={Combining operational loss data with expert opinions through advanced credibility theory},
  author={Agostini, Alessandra and Talamo, Paolo and Vecchione, Vittorio},
  journal={The Journal of Operational Risk},
  volume={5},
  number={1},
  pages={3},
  year={2010},
  publisher={Incisive Media Limited}
}

@article{basel2011operational,
  title={Operational Risk--Supervisory Guidelines for the Advanced Measurement Approaches},
  author={Basel Committee and others},
  journal={Basel: Bank for International Settlements},
  year={2011}
}

@article{chavez2016extreme,
  title={An extreme value approach for modeling operational risk losses depending on covariates},
  author={Chavez-Demoulin, Val{\'e}rie and Embrechts, Paul and Hofert, Marius},
  journal={Journal of Risk and Insurance},
  volume={83},
  number={3},
  pages={735--776},
  year={2016},
  publisher={Wiley Online Library}
}

@article{embrechts2018modeling,
  title={Modeling Operational Risk Depending on Covariates. An Empirical Investigation.},
  author={Embrechts, Paul and Mizgier, Kamil J and Chen, Xian},
  year={2018}
}

@incollection{flake1998square,
  title={Square unit augmented radially extended multilayer perceptrons},
  author={Flake, Gary William},
  booktitle={Neural Networks: Tricks of the Trade},
  pages={145--163},
  year={1998},
  publisher={Springer}
}

@article{rousseeuw1987silhouettes,
  title={Silhouettes: a graphical aid to the interpretation and validation of cluster analysis},
  author={Rousseeuw, Peter J},
  journal={Journal of computational and applied mathematics},
  volume={20},
  pages={53--65},
  year={1987},
  publisher={Elsevier}
}

@book{mackinnon2008intro,
  title={Introduction to statistical mediation analysis},
  author={MacKinnon, David Peter},
  year={2008},
  publisher={Routledge}
}

@book{Burnham2002,
  title={Model Selection and Multimodel Inference: A Practical Information-Theoretic Approach},
  author={Burnham, K.P. and Anderson, D.R.},
  year={2002},
  publisher={Springer-Verlag}
}

@article{Winship1983,
  author = {Winship, C. and Mare, R.D.},
  volume = {89},
  number = {1},
  journal = {The American Journal of Sociology},
  pages = {54-110},
  title = {{Structural Equations and Path Analysis for Discrete Data}},
  year = {1983}
}

@book{Carsey2013,
  title={Monte Carlo Simulation and Resampling Methods for Social Science},
  author={Carsey, Thomas M. and Harden, Jeffrey J.},
  year={2013},
  publisher={SAGE}
}



@Manual{RCoreTeam,
  title = {R: A Language and Environment for Statistical Computing},
  author = {{R Core Team}},
  organization = {R Foundation for Statistical Computing},
  address = {Vienna, Austria},
  year = {2018},
  url = {https://www.R-project.org/},
}

@Manual{dissertateUSU,
  title = {dissertateUSU: DissertateUSU},
  author = {Tyson S. Barrett and Sarah Schwartz},
  year = {2019},
  note = {R package version 0.1.3},
}
